@book{Jackson_1999,
  address = {New York, {NY}},
  author = {Jackson, John David},
  edition = {third edition},
  isbn = {9780471309321},
  publisher = {Wiley},
  title = {Classical Electrodynamics},
  url = {http://cdsweb.cern.ch/record/490457},
  year = 1999
}

