@article{Carpio_2020,
   title		= {Charm contribution to ultrahigh-energy neutrinos from newborn magnetars},
   volume		= {102},
   ISSN			= {2470-0029},
   url			= {http://dx.doi.org/10.1103/PhysRevD.102.103001},
   DOI			= {10.1103/physrevd.102.103001},
   number		= {10},
   journal		= {Physical Review D},
   publisher	= {American Physical Society (APS)},
   author		= {Carpio, Jose Alonso and Murase, Kohta and Reno, Mary Hall and Sarcevic, Ina and Stasto, Anna},
   year			= {2020},
   month		= nov,
}

