@article{icecube_blazar_flare_2018,
	author = {Aartsen, Mark and Ackermann, Markus and Adams, Jenni and Aguilar, Juan Antonio and Ahlers, Markus and Ahrens, Maryon and Al Samarai, Imen and Altmann, David and Andeen, Karen and Anderson, Tyler and Ansseau, Isabelle and Anton, Gisela and Argüelles, Carlos and Auffenberg, Jan and Axani, Spencer and Bagherpour, Hadis and Bai, Xinhua and Barron, Jared and Barwick, Steve and Baum, Volker and Bay, Ryan and Beatty, James and Becker, Karl Heinz and Tjus, Julia and BenZvi, Segev and Berley, David and Bernardini, Elisa and Besson, David and Binder, Gary and Bindig, Daniel and Blaufuss, Erik and Blot, Summer and Bohm, Christian and Boerner, Mathis and Bos, Fabian and Boeser, Sebastian and Botner, Olga and Bourbeau, Etienne and Bourbeau, James and Bradascio, Federica and Braun, Jim and Brenzke, Martin and Bretz, Hans-Peter and Bron, Stephanie and Brostean-Kaiser, Jannes and Burgman, Alexander and Busse, Raffaela and Carver, Tessa and Cheng, Edward and Chirkin, Dmitry and Christov, Asen and Clark, Ken and Classen, Lew and Coenders, S. and Collin, Gabriel and Conrad, Janet and Coppin, Paul and Correa, Pablo and Cowen, Doug and Cross, Robert and Dave, Pranav and Day, Melanie and de Andre, Joao Pedro A M and De Clercq, Catherine and Delaunay, James and Dembinski, Hans and DeRidder, Sam and Desiati, Paolo and de Vries, Krijn and DeWasseige, Gwenhael and DeWith, Meike and DeYoung, Ty and Díaz-Vélez, Juan Carlos and Di Lorenzo, Vincenzo and Dujmovic, Hrvoje and Dumm, Jonathan and Dunkman, Matt and Dvorak, Emily and Eberhardt, Benjamin and Ehrhardt, Thomas and Eichmann, Bjorn and Eller, Philipp and Evenson, Paul and Fahey, Sam and Fazely, Ali and Felde, John and Filimonov, Kirill and Finley, Chad and Flis, Samuel and Franckowiak, Anna and Friedman, Elizabeth and Fritz, Alexander and Gaisser, Tom and Gallagher, Jay and Gerhardt, Lisa and Ghorbani, Kevin and Glauch, Theo and Gluesenkamp, Thorsten and Goldschmidt, Azriel and Gonzalez, Javier and Grant, Darren and Griffith, Zachary and Haack, Christian and Hallgren, Allan and Halzen, Francis and Hanson, Kael and Hebecker, Dustin and Heereman, David and Helbing, Klaus and Hellauer, Robert and Hickford, Stephanie and Hignight, Joshua and Hill, Gary and Hoffman, Kara and Hoffmann, Ruth and Hoinka, Tobias and Hokanson-Fasig, Benjamin and Hoshina, Kotoyo and Huang, Feifei and Huber, Matthias and Hultqvist, Klas and Huennefeld, Mirco and Hussain, Raamis and In, Seongjin and Iovine, Nadège and Ishihara, Aya and Jacobi, Emanuel and Japaridze, George and Jeong, Minjin and Jero, Kyle and Jones, Benjamin and Kalaczynski, Piotr and Kang, Woosik and Kappes, Alexander and Kappesser, David and Karg, Timo and Karle, Albrecht and Katz, Uli and Kauer, Matt and Keivani, Azadeh and Kelley, John and Kheirandish, Ali and Kim, JongHyun and Kim, Myoungchul and Kintscher, Thomas and Kiryluk, Joanna and Kittler, Thomas and Klein, Spencer and Koirala, Ramesh and Kolanoski, Hermann and Koepke, Lutz and Kopper, Claudio and Kopper, Sandro and Koschinsky, Jan Paul and Koskinen, Jason and Kowalski, Marek and Krings, Kai and Kroll, Mike and Krueckl, Gerald and Kunwar, Samridha and Kurahashi Neilson, Naoko and Kuwabara, Takao and Kyriacou, Alexander and Labare, Mathieu and Lanfranchi, Justin and Larson, Michael and Lauber, Frederik and Leonard, Kayla and Lesiak-Bzdak, Mariola and Leuermann, Martin and Liu, Qinrui and Lozano Mariscal, Cristian Jesús and Lu, Lu and Luenemann, Jan and Luszczak, William and Madsen, James and Maggi, Giuliano and Mahn, Kendall and Mancina, Sarah and Maruyama, Reina and Mase, Keiichi and Maunu, Ryan and Meagher, Kevin and Medici, Morten and Meier, Maximilian and Menne, Thorben and Merino, Gonzalo and Meures, Thomas and Miarecki, Sandy and Micallef, Jessie and Momente, Giulio and Montaruli, Teresa and Moore, Roger and Morse, Robert and Moulai, Marjon and Nahnhauer, Rolf and Nakarmi, Prabandha and Naumann, Uwe and Neer, Garrett and Niederhausen, Hans and Nowicki, Sarah and Nygren, Dave and Pollmann, Anna and Olivas, Alex and Murchadha, Aongus Ó and O’Sullivan, Erin and Palczewski, Tomasz and Pandya, Hershal and Pankova, Daria and Peiffer, Peter and Pepper, James and de los Heros, Carlos and Pieloth, Damian and Pinat, Elisa and Plum, Matthias and Price, Buford and Przybylski, Gerald and Raab, Christoph and Raedel, Leif and Rameez, Mohamed and Rauch, Ludwig and Rawlins, Katherine and Rea, Immacolata Carmen and Reimann, Rene and Relethford, Ben and Relich, Matt and Resconi, Elisa and Rhode, Wolfgang and Richman, Mike and Robertson, Sally and Rongen, Martin and Rott, Carsten and Ruhe, Tim and Ryckbosch, Dirk and Rysewyk, Devyn and Safa, Ibrahim and Saelzer, Tobias and Sanchez, Sebastian and Sandrock, Alexander and Sandroos, Joakim and Santander, Marcos and Sarkar, Sourav and Sarkar, Subir and Satalecka, Konstancja and Schlunder, Philipp and Schmidt, Torsten and Schneider, Austin and Schoenen, Sebastian and Schoneberg, Sebastian and Schumacher, Lisa and Sclanfani, Stephen and Seckel, Dave and Seunarine, Suruj and Soedingrekso, Jan and Soldin, Dennis and Song, Ming and Spiczak, Glenn and Spiering, Christian and Stachurska, Juliana and Stamatikos, Michael and Stanev, Todor and Stasik, Alexander and Stein, Robert and Stettner, Joeran and Steuer, Anna and Stezelberger, Thorsten and Stokstad, Robert and Stoessl, Achim and Strotjohann, Nora Linn and Stuttard, Thomas and Sullivan, Greg and Sutherland, Michael and Taboada, Ignacio and Tatar, Joulien and Tenholt, Frederik and Ter-Antonyan, Samvel and Terliuk, Andrii and Tilav, Serap and Toale, Pat and Tobin, Moriah and Toennis, Christoph and Toscano, Simona and Tosi, Delia and Tselengidou, Maria and Tung, ChunFai and Turcati, Andrea and Turley, Colin and Ty, Bunheng and Unger, Lisa and Usner, Marcel and Van Driessche, Ward and Van Eijk, Daan and van Eijndhoven, Nick and Vandenbroucke, Justin and Vanheule, Sander and van Santen, Jakob and Vogel, Eric and Vraeghe, Matthias and Walck, Christian and Wallace, Alexander and Wallraff, Marius and Wandler, Frank and Wandkowsky, Nancy and Waza, Aatif and Weaver, Chris and Weiss, Matthew and Wendt, Chris and Werthebach, Johannes and Westerhoff, Stefan and Whelan, Ben and Whitehorn, Nathan and Wiebe, Klaus and Wiebusch, Christopher and Wille, Logan and Williams, Dawn and Wills, Lizz and Wolf, Martin and Wood, Joshua and Wood, Tania and Woschnagg, Kurt and Xu, Donglian and Xu, Xianwu and Xu, Yiqian and Yanez, Juan Pablo and Yodh, Gaurang and Yoshida, Shigeru and Yuan, Tianlu and Abdollahi, Soheila and Ajello, Marco and Angioni, Roberto and Baldini, Luca and Ballet, Jean and Barbiellini, Guido and Bastieri, Denis and Bechtol, Keith and Bellazzini, Ronaldo and Berenji, Bijan and Bissaldi, Elisabetta and Blandford, Roger and Bonino, Raffaella and Bottacini, Eugenio and Bregeon, Johan and Bruel, Philippe and Büehler, Rolf and Burnett, Toby and Burns, Eric and Buson, Sara and Cameron, Rob and Caputo, Regina and Caraveo, Patrizia A. and Cavazzuti, Elisabetta and Charles, Eric and Chen, Sina and Cheung, Teddy and Chiang, James and Chiaro, Graziano and Ciprini, Stefano and Cohen-Tanugi, Johann and Conrad, Jan and Costantin, Denise and Cutini, Sara and D’Ammando, Filippo and de Palma, Francesco and Digel, Seth and Di Lalla, Niccolò and Di Mauro, Mattia and Di Venere, Leonardo and Domínguez, Alberto and Favuzzi, Cecilia and Franckowiak, Anna and Fukazawa, Yasushi and Funk, Stefan and Fusco, Piergiorgio and Gargano, Fabio and Gasparrini, Dario and Giglietto, Nico and Giomi, Matteo and Giommi, Paolo and Giordano, Francesco and Giroletti, Marcello and Glanzman, Thomas and Green, David and Grenier, Isabelle and Grondin, Marie-Hélène and Guiriec, Sylvain and Harding, Alice and Hayashida, Masaaki and Hays, Liz and Hewitt, John and Horan, Deirdre and Jóhannesson, Guölaugur and Kadler, Matthias and Kensei, Shiki and Kocevski, Daniel and Krauss, Felicia and Kreter, Michael and Kuss, Michael and La Mura, Giovanni and Larsson, Stefan and Latronico, Luca and Lemoine-Goumard, Marianne and Li, Jian and Longo, Francesco and Loparco, Francesco and Lovellette, Michael and Lubrano, Pasquale and Magill, Jeffrey and Maldera, Simone and Malyshev, Dmitry and Manfreda, Alberto and Mazziotta, Mario Nicola and McEnery, Julie and Meyer, Manuel and Michelson, Peter and Mizuno, Tsunefumi and Monzani, Maria Elena and Morselli, Aldo and Moskalenko, Igor and Negro, Michela and Nuss, Eric and Ojha, Roopesh and Omodei, Nicola and Orienti, Monica and Orlando, Elena and Palatiello, Michele and Paliya, Vaidehi and Perkins, Jeremy and Persic, Massimo and Pesce-Rollins, Melissa and Piron, Frederic and Porter, Troy and Principe, Giacomo and Rainò, Silvia and Rando, Riccardo and Rani, Bindu and Razzano, Massimiliano and Razzaque, Soebur and Reimer, Anita and Reimer, Olaf and Renault-Tinacci, Nicolas and Ritz, Steve and Rochester, Leon and Parkinson, Pablo Saz and Sgrò, Carmelo and Siskind, Eric J. and Spandre, Gloria and Spinelli, Paolo and Suson, Dan and Tajima, Hiro and Takahashi, Mitsunari and Tanaka, Yasuyuki and Thayer, Jana and Thompson, David J. and Tibaldo, Luigi and Torres, Diego F. and Torresi, Eleonora and Tosti, Gino and Troja, Eleonora and Valverde, Janeth Verónica and Vianello, Giacomo and Vogel, Matthew and Wood, Kent and Wood, Matthew and Zaharijas, Gabrijela and Ahnen, Max Ludwig and Ansoldi, Stefano and Antonelli, Lucio Angelo and Arcaro, Cornelia and Baack, Dominik and Babić, Ana and Banerjee, Biswajit and Bangale, Priyadarshini and Barres de Almeida, Ulisses and Barrio, Juan Abel and González, Josefa Becerra and Bednarek, Wlodek and Bernardini, Elisa and Berti, Alessio and Bhattacharyya, Wrijupan and Biland, Adrian and Blanch, Oscar and Bonnoli, Giacomo and Carosi, Roberto and Carosi, Alessandro and Ceribella, Giovanni and Chatterjee, Anshu and Colak, Sidika Merve and Colin, Pierre and Colombo, Eduardo and Contreras, Jose Luis and Cortina, Juan and Covino, Stefano and Cumani, Paolo and Da Vela, Paolo and Dazzi, Francesco and De Angelis, Alessandro and De Lotto, Barbara and Delfino, Manuel and Delgado, Jordi and Di Pierro, Federico and Domínguez, Alberto and Dominis Prester, Dijana and Dorner, Daniela and Doro, Michele and Einecke, Sabrina and Elsaesser, Dominik and Fallah Ramazani, Vandad and Fernández-Barral, Alba and Fidalgo, David and Foffano, Luca and Pfrang, Konstantin and Fonseca, Maria Victoria and Font, Lluis and Fruck, Christian and Galindo, Daniel and Gallozzi, Stefano and García López, Ramon J. and Garczarczyk, Markus and Gaug, Markus and Giammaria, Paola and Godinović, Nikola and Gora, Dariusz and Guberman, Daniel and Hadasch, Daniela and Hahn, Alexander and Hassan, Tarek and Hayashida, Masaaki and Herrera, Javier and Hose, Juergen and Hrupec, Dario and Inoue, Susumu and Ishio, Kazuma and Konno, Yusuke and Kubo, Hidetoshi and Kushida, Junko and Lelas, Damira and Lindfors, Elina and Lombardi, Saverio and Longo, Francesco and López, Marcos and Maggio, Camilla and Majumdar, Pratik and Makariev, Martin and Maneva, Galina and Manganaro, Marina and Mannheim, Karl and Maraschi, Laura and Mariotti, Mosé and Martínez, Manel and Masuda, Shu and Mazin, Daniel and Minev, Milen and Miranda, Jose Miguel and Mirzoyan, Razmik and Moralejo, Abelardo and Moreno, Victoria and Moretti, Elena and Nagayoshi, Tsutomu and Neustroev, Vitaly and Niedzwiecki, Andrzej and Nievas Rosillo, Mireia and Nigro, Cosimo and Nilsson, Kari and Ninci, Daniele and Nishijima, Kyoshi and Noda, Koji and Nogués, Leyre and Paiano, Simona and Palacio, Joaquim and Paneque, David and Paoletti, Riccardo and Paredes, Josep M. and Pedaletti, Giovanna and Peresano, Michele and Persic, Massimo and Prada Moroni, Pier Giorgio and Prandini, Elisa and Puljak, Ivica and Rodriguez, Jezabel and Reichardt, Ignasi and Rhode, Wolfgang and Ribó, Marc and Rico, Javier and Righi, Chiara and Rugliancich, Andrea and Saito, Takayuki and Satalecka, Konstancja and Schweizer, Thomas and Sitarek, Julian and Šnidarić, Iva and Sobczynska, Dorota and Stamerra, Antonio and Strzys, Marcel and Surić, Tihomir and Takahashi, Mitsunari and Tavecchio, Fabrizio and Temnikov, Petar and Terzić, Tomislav and Teshima, Masahiro and Torres-Albà, Nuria and Treves, Aldo and Tsujimoto, Shimpei and Vanzo, Gaia and Vazquez Acosta, Monica and Vovk, Ievgen and Ward, John E. and Will, Martin and Zarić, Darko and Franceschini, Alberto and Lucarelli, Fabrizio and Tavani, Marco and Piano, Giovanni and Donnarumma, Imma and Pittori, Carlotta and Verrecchia, Francesco and Barbiellini, Guido and Bulgarelli, Andrea and Caraveo, Patrizia and Cattaneo, Paolo Walter and Colafrancesco, Sergio and Costa, Enrico and Di Cocco, Guido and Ferrari, Attilio and Gianotti, Fulvio and Giuliani, Andrea and Lipari, Paolo and Mereghetti, Sandro and Morselli, Aldo and Pacciani, Luigi and Paoletti, Franco and Parmiggiani, Nicolò and Pellizzoni, Alberto and Picozza, Piergiorgio and Pilia, Maura and Rappoldi, Andrea and Trois, Alessio and Vercellone, Stefano and Vittorini, Valerio and Albert, Andrea and Alfaro, Ruben and Álvarez, César and Arceo, Roberto and Arteaga Velázquez, Juan Carlos and Avila Rojas, Daniel Omar and Ayala Solares, Hugo Alberto and Becerril, Ana Delia and Belmont-Moreno, Ernesto and Bernal, Abel and Caballero Mora, Karen S. and Capistrán Rojas, Tomás and Carramiñana, Alberto and Casanova, Sabrina and Castillo Maldonado, Mario Alberto and Cotti, Umberto and Cotzomi, Jorge and Coutiño de León, Sara and De León Acuña, Cederik León and De la Fuente, Eduardo and Hernandez, Raquel Diaz and Dichiara, Simone and Dingus, Brenda and DuVernois, Michael and Díaz Velez, Juan Carlos and Ellsworth, Robert and Engel, Kristi and Fiorino, Daniel W. and Fleischhack, Henrike and Fraija, Nissim Illich and García González, José Andrés and Garfias, Fernando and González, Maria Magdalena and Muñoz, Adiv González and Goodman, Jordan A. and Hampel-Arias, Zigfried and Harding, J. Patrick and Cadena, Sergio Hernandez and Hona, Binita and Hueyotl-Zahuantitla, Filiberto and Hui, Michelle and Hüntemeyer, Petra and Iriarte, Arturo and Jardin-Blicq, Armelle and Joshi, Vikas and Kaufmann, Sarah and Kunde, Gerd J. and Lara, Alejandro and Lauer, Robert and Lee, William and Lennarz, Dirk and Vargas, Hermes León and Linnemann, Jim and Longinotti, Anna Lia and Luis-Raya, Gilgamesh and Luna-García, Rene and Malone, Kelly and Marinelli, Samuel Stephens and Martinez, Oscar and Martinez Castellanos, Israel and Martínez Huerta, Humberto and Martínez Castro, Jesús and Matthews, John and Miranda-Romagnoli, Pedro and Moreno Barbosa, Eduardo and Mostafa, Miguel and Nayerhoda, Amid and Nellen, Lukas and Newbold, Michael and Nisa, Mehr Un and Noriega-Papaqui, Roberto and Pelayo, Rodrigo and Pretz, John and Pérez Pérez, Eucario Gonzalo and Ren, Zhixiang and Rho, Chang Dong and Rivière, Colas and González, Daniel Rosa and Rosenberg, Matthew and Ruiz-Velasco, Edna and Ruiz-Velasco, Enrique and Greus, Francisco Salesa and Sandoval, Andres and Schneider, Michael and Schoorlemmer, Harm and Sinnis, Gus and Smith, Andrew James and Springer, Wayne and Surajbali, Pooja and Tibolla, Omar and Tollefson, Kirsten and Torres, Ibrahim and Villaseñor, Luis and Weisgarber, Thomas and Werner, Felix and Yapici, Tolga and Yodh, Gaurang and Zepeda, Arnulfo and Zhou, Hao and Álvarez Romero, Juan de Dios and Abdalla, H. and Angüner, E. O. and Armand, C. and Backes, M. and Becherini, Y. and Berge, D. and Böttcher, M. and Boisson, C. and Bolmont, J. and Bonnefoy, S. and Bordas, P. and Brun, F. and Büchele, M. and Bulik, T. and Caroff, S. and Carosi, A. and Casanova, S. and Cerruti, M. and Chakraborty, N. and Chandra, S. and Chen, A. and Colafrancesco, S. and Davids, I. D. and Deil, C. and Devin, J. and Djannati-Ataï, A. and Egberts, K. and Emery, G. and Eschbach, S. and Fiasson, A. and Fontaine, G. and Funk, S. and Füßling, M. and Gallant, Y. A. and Gaté, F. and Giavitto, G. and Glawion, D. and Glicenstein, J. F. and Gottschall, D. and Grondin, M.-H. and Haupt, M. and Henri, G. and Hinton, J. A. and Hoischen, C. and Holch, T. L. and Huber, D. and Jamrozy, M. and Jankowsky, D. and Jankowsky, F. and Jouvin, L. and Jung-Richardt, I. and Kerszberg, D. and Khélifi, B. and King, J. and Klepser, S. and Kluźniak, W. and Komin, Nu. and Kraus, M. and Lefaucheur, J. and Lemière, A. and Lemoine-Goumard, M. and Lenain, J.-P. and Leser, E. and Lohse, T. and López-Coto, R. and Lorentz, M. and Lypova, I. and Marandon, V. and Martí-Devesa, G. Guillem and Maurin, G. and Mitchell, A.M.W. and Moderski, R. and Mohamed, M. and Mohrmann, L. and Moulin, E. and Murach, T. and de Naurois, M. and Niederwanger, F. and Niemiec, J. and Oakes, L. and O’Brien, P. and Ohm, S. and Ostrowski, M. and Oya, I. and Panter, M. and Parsons, R. D. and Perennes, C. and Piel, Q. and Pita, S. and Poireau, V. and Noel, A. Priyana and Prokoph, H. and Pühlhofer, G. and Quirrenbach, A. and Raab, S. and Rauth, R. and Renaud, M. and Rieger, F. and Rinchiuso, L. and Romoli, C. and Rowell, G. and Rudak, B. and Sanchez, D. A. and Sasaki, M. and Schlickeiser, R. and Schüssler, F. and Schulz, A. and Schwanke, U. and Seglar-Arroyo, M. and Shafi, N. and Simoni, R. and Sol, H. and Stegmann, C. and Steppa, C. and Tavernier, T. and Taylor, A. M. and Tiziani, D. and Trichard, C. and Tsirou, M. and van Eldik, C. and van Rensburg, C. and van Soelen, B. and Veh, J. and Vincent, P. and Voisin, F. and Wagner, S. J. and Wagner, R. M. and Wierzcholska, A. and Zanin, R. and Zdziarski, A. A. and Zech, A. and Ziegler, A. and Zorn, J. and Zywucka, N. and Savchenko, V. and Ferrigno, C. and Bazzano, A. and Diehl, R. and Kuulkers, E. and Laurent, P. and Mereghetti, S. and Natalucci, L. and Panessa, F. and Rodi, J. and Ubertini, P. and Morokuma, Tomoki and Ohta, Kouji and Tanaka, Yasuyuki T. and Mori, Hiroki and Yamanaka, Masayuki and Kawabata, Koji S. and Utsumi, Yousuke and Nakaoka, Tatsuya and Kawabata, Miho and Nagashima, Hiroki and Yoshida, Michitoshi and Matsuoka, Yoshiki and Itoh, Ryosuke and Keel, William and Copperwheat, Christopher and Steele, Iain and Cenko, S. Bradley and Evans, Philip and Fox, Derek and Kennea, Jamie and Marshall, Francis and Osborne, Julian and Tohuvavohu, Aaron and Turley, Colin and Cowen, Douglas and DeLaunay, James and Keivani, Azadeh and Santander, Marcos and Abeysekara, Anushka and Archer, Avery and Benbow, Wystan and Bird, Ralph and Brill, Aryeh and Brose, Robert and Buchovecky, Matthew and Buckley, James and Bugaev, Viatcheslav and Christiansen, Jodi and Connolly, Michael and Cui, Wei and Daniel, Michael and Errando, Manel and Falcone, Abraham and Feng, Qi and Finley, John and Fortson, Lucy and Furniss, Amy and Gueta, Orel and Hütten, Moritz and Hervet, Olivier and Hughes, Gareth and Humensky, Thomas and Johnson, Caitlin and Kaaret, Philip and Kar, Payel and Kelley-Hoskins, Nathan and Kertzman, Mary and Kieda, David and Krause, Maria and Krennrich, Frank and Kumar, Sajan and Lang, Mark and Lin, Tony and Maier, Gernot and McArthur, Steven and Moriarty, Patrick and Mukherjee, Reshmi and Nieto, Daniel and O’Brien, Stephen and Ong, Rene and Otte, Adam and Park, Nahee and Petrashyk, Andriy and Pohl, Martin and Popkow, Alexis and Pueschel, Elisa and Quinn, John and Ragan, Kenneth and Reynolds, Paul and Richards, Gregory and Roache, Emmet and Rulten, Cameron and Sadeh, Iftach and Santander, Marcos and Scott, Skyler and Sembroski, Glenn and Shahinyan, Karlen and Sushch, Iurii and Trépanier, Samuel and Tyler, Jonathan and Vassiliev, Vladimir and Wakely, Scott and Weinstein, Amanda and Wells, Rita and Wilcox, Patrick and Wilhelm, Alina and Williams, David and Zitzer, Benjamin and Tetarenko, Alexandra and Kimball, Amy and Miller-Jones, James and Sivakoff, Gregory},
	doi = {10.1126/science.aat1378},
	eprint = {1807.08816},
	eprintclass = {astro-ph.HE},
	eprinttype = {arxiv},
	issn = {1095-9203},
	journal = {Science},
	month = {7},
	number = {6398},
	publisher = {American Association for the Advancement of Science (AAAS)},
	title = {Multimessenger observations of a flaring blazar coincident with high-energy neutrino IceCube-170922A},
	url = {http://dx.doi.org/10.1126/science.aat1378},
	volume = {361},
	year = {2018},
}
@article{icecube_blazar_signal_2018,
	author = {Aartsen, Mark and Ackermann, Markus and Adams, Jenni and Aguilar, Juan Antonio and Ahlers, Markus and Ahrens, Maryon and Al Samarai, Imen and Altmann, David and Andeen, Karen and Anderson, Tyler and Ansseau, Isabelle and Anton, Gisela and Argüelles, Carlos and Arsioli, Bruno and Auffenberg, Jan and Axani, Spencer and Bagherpour, Hadis and Bai, Xinhua and Barron, Jared and Barwick, Steve and Baum, Volker and Bay, Ryan and Beatty, James and Becker, Karl Heinz and Becker Tjus, Julia and BenZvi, Segev and Berley, David and Bernardini, Elisa and Besson, David and Binder, Gary and Bindig, Daniel and Blaufuss, Erik and Blot, Summer and Bohm, Christian and Boerner, Mathis and Bos, Fabian and Boeser, Sebastian and Botner, Olga and Bourbeau, Etienne and Bourbeau, James and Bradascio, Federica and Braun, Jim and Brenzke, Martin and Bretz, Hans-Peter and Bron, Stephanie and Brostean-Kaiser, Jannes and Burgman, Alexander and Busse, Raffaela and Carver, Tessa and Cheung, Edward and Chirkin, Dmitry and Christov, Asen and Clark, Ken and Classen, Lew and Coenders, Stefan and Collin, Gabriel and Conrad, Janet and Coppin, Paul and Correa, Pablo and Cowen, Doug and Cross, Robert and Dave, Pranav and Day, Melanie and de André, Joao Pedro A. M. and De Clercq, Catherine and Delaunay, James and Dembinski, Hans and DeRidder, Sam and Desiati, Paolo and de Vries, Krijn and DeWasseige, Gwenhael and DeWith, Meike and DeYoung, Ty and Díaz-Vélez, Juan Carlos and Di Lorenzo, Vincenzo and Dujmovic, Hrvoje and Dumm, Jonathan and Dunkman, Matt and Dvorak, Emily and Eberhardt, Benjamin and Ehrhardt, Thomas and Eichmann, Bjorn and Eller, Philipp and Evenson, Paul and Fahey, Sam and Fazely, Ali and Felde, John and Filimonov, Kirill and Finley, Chad and Flis, Samuel and Franckowiak, Anna and Friedman, Elizabeth and Fritz, Alexander and Gaisser, Tom and Gallagher, Jay and Gerhardt, Lisa and Ghorbani, Kevin and Giommi, Paolo and Glauch, Theo and Gluesenkamp, Thorsten and Goldschmidt, Azriel and Gonzalez, Javier and Grant, Darren and Griffith, Zachary and Haack, Christian and Hallgren, Allan and Halzen, Francis and Hanson, Kael and Hebecker, Dustin and Heereman, David and Helbing, Klaus and Hellauer, Robert and Hickford, Stephanie and Hignight, Joshua and Hill, Gary and Hoffman, Kara and Hoffmann, Ruth and Hoinka, Tobias and Hokanson-Fasig, Benjamin and Hoshina, Kotoyo and Huang, Feifei and Huber, Matthias and Hultqvist, Klas and Huennefeld, Mirco and Hussain, Raamis and In, Seongjin and Iovine, Nadège and Ishihara, Aya and Jacobi, Emanuel and Japaridze, George and Jeong, Minjin and Jero, Kyle and Jones, Benjamin and Kalaczynski, Piotr and Kang, Woosik and Kappes, Alexander and Kappesser, David and Karg, Timo and Karle, Albrecht and Katz, Uli and Kauer, Matt and Keivani, Azadeh and Kelley, John and Kheirandish, Ali and Kim, JongHyun and Kim, Myoungchul and Kintscher, Thomas and Kiryluk, Joanna and Kittler, Thomas and Klein, Spencer and Koirala, Ramesh and Kolanoski, Hermann and Koepke, Lutz and Kopper, Claudio and Kopper, Sandro and Koschinsky, Jan Paul and Koskinen, Jason and Kowalski, Marek and Krammer, Benedikt and Krings, Kai and Kroll, Mike and Krueckl, Gerald and Kunwar, Samridha and Neilson, Naoko Kurahashi and Kuwabara, Takao and Kyriacou, Alexander and Labare, Mathieu and Lanfranchi, Justin and Larson, Michael and Lauber, Frederik and Leonard, Kayla and Lesiak-Bzdak, Mariola and Leuermann, Martin and Liu, Qinrui and Lozano Mariscal, Cristian Jesús and Lu, Lu and Luenemann, Jan and Luszczak, William and Madsen, James and Maggi, Giuliano and Mahn, Kendall and Mancina, Sarah and Maruyama, Reina and Mase, Keiichi and Maunu, Ryan and Meagher, Kevin and Medici, Morten and Meier, Maximilian and Menne, Thorben and Merino, Gonzalo and Meures, Thomas and Miarecki, Sandy and Micallef, Jessie and Momente, Giulio and Montaruli, Teresa and Moore, Roger and Morse, Robert and Moulai, Marjon and Nahnhauer, Rolf and Nakarmi, Prabandha and Naumann, Uwe and Neer, Garrett and Niederhausen, Hans and Nowicki, Sarah and Nygren, Dave and Pollmann, Anna and Olivas, Alex and Ó Murchadha, Aongus and O’Sullivan, Erin and Padovani, Paolo and Palczewski, Tomasz and Pandya, Hershal and Pankova, Daria and Peiffer, Peter and Pepper, James and Perez de los Heros, Carlos and Pieloth, Damian and Pinat, Elisa and Plum, Matthias and Price, Buford and Przybylski, Gerald and Raab, Christoph and Raedel, Leif and Rameez, Mohamed and Rawlins, Katherine and Rea, Immacolata Carmen and Reimann, Rene and Relethford, Ben and Relich, Matt and Resconi, Elisa and Rhode, Wolfgang and Richman, Mike and Robertson, Sally and Rongen, Martin and Rott, Carsten and Ruhe, Tim and Ryckbosch, Dirk and Rysewyk, Devyn and Safa, Ibrahim and Saelzer, Tobias and Sahakyan, Narek and Sanchez Herrera, Sebastian and Sandrock, Alexander and Sandroos, Joakim and Santander, Marcos and Sarkar, Sourav and Sarkar, Subir and Satalecka, Konstancja and Schlunder, Philipp and Schmidt, Torsten and Schneider, Austin and Schoenen, Sebastian and Schoeneberg, Sebastian and Schumacher, Lisa and Sclanfani, Stephen and Seckel, Dave and Seunarine, Suruj and Soedingrekso, Jan and Soldin, Dennis and Song, Ming and Spiczak, Glenn and Spiering, Christian and Stachurska, Juliana and Stamatikos, Michael and Stanev, Todor and Stasik, Alexander and Stettner, Joeran and Steuer, Anna and Stezelberger, Thorsten and Stokstad, Robert and Stoessl, Achim and Strotjohann, Nora Linn and Stuttard, Thomas and Sullivan, Greg and Sutherland, Michael and Taboada, Ignacio and Tatar, Joulien and Tenholt, Frederik and Ter-Antonyan, Samvel and Terliuk, Andrii and Tilav, Serap and Toale, Pat and Tobin, Moriah and Toennis, Christoph and Toscano, Simona and Tosi, Delia and Tselengidou, Maria and Tung, ChunFai and Turcati, Andrea and Turley, Colin and Ty, Bunheng and Unger, Lisa and Usner, Marcel and Van Driessche, Ward and Van Eijk, Daan and van Eijndhoven, Nick and Vandenbroucke, Justin and Vanheule, Sander and van Santen, Jakob and Vogel, Eric and Vraeghe, Matthias and Walck, Christian and Wallace, Alexander and Wallraff, Marius and Wandler, Frank and Wandkowsky, Nancy and Waza, Aatif and Weaver, Chris and Weiss, Matthew and Wendt, Chris and Werthebach, Johannes and Westerhoff, Stefan and Whelan, Ben and Whitehorn, Nathan and Wiebe, Klaus and Wiebusch, Christopher and Wille, Logan and Williams, Dawn and Wills, Lizz and Wolf, Martin and Wood, Joshua and Wood, Tania and Woschnagg, Kurt and Xu, Donglian and Xu, Xianwu and Xu, Yiqian and Yanez, Juan Pablo and Yodh, Gaurang and Yoshida, Shigeru and Yuan, Tianlu},
	doi = {10.1126/science.aat2890},
	eprint = {1807.08794},
	eprintclass = {astro-ph.HE},
	eprinttype = {arxiv},
	issn = {1095-9203},
	journal = {Science},
	month = {7},
	number = {6398},
	pages = {147–151},
	publisher = {American Association for the Advancement of Science (AAAS)},
	title = {Neutrino emission from the direction of the blazar TXS 0506+056 prior to the IceCube-170922A alert},
	url = {http://dx.doi.org/10.1126/science.aat2890},
	volume = {361},
	year = {2018},
}
@article{icecube_first_evidence_2013,
	author = {M. G. Aartsen and R. Abbasi and Y. Abdou and M. Ackermann and J. Adams and J. A. Aguilar and M. Ahlers and D. Altmann and J. Auffenberg and X. Bai and M. Baker and S. W. Barwick and V. Baum and R. Bay and J. J. Beatty and S. Bechet and J. Becker Tjus and K.-H. Becker and M. L. Benabderrahmane and S. BenZvi and P. Berghaus and D. Berley and E. Bernardini and A. Bernhard and D. Bertrand and D. Z. Besson and G. Binder and D. Bindig and M. Bissok and E. Blaufuss and J. Blumenthal and D. J. Boersma and S. Bohaichuk and C. Bohm and D. Bose and S. Böser and O. Botner and L. Brayeur and H.-P. Bretz and A. M. Brown and R. Bruijn and J. Brunner and M. Carson and J. Casey and M. Casier and D. Chirkin and A. Christov and B. Christy and K. Clark and F. Clevermann and S. Coenders and S. Cohen and D. F. Cowen and A. H. Cruz Silva and M. Danninger and J. Daughhetee and J. C. Davis and M. Day and C. De Clercq and S. De Ridder and P. Desiati and K. D. de Vries and M. de With and T. DeYoung and J. C. Díaz-Vélez and M. Dunkman and R. Eagan and B. Eberhardt and B. Eichmann and J. Eisch and R. W. Ellsworth and S. Euler and P. A. Evenson and O. Fadiran and A. R. Fazely and A. Fedynitch and J. Feintzeig and T. Feusels and K. Filimonov and C. Finley and T. Fischer-Wasels and S. Flis and A. Franckowiak and K. Frantzen and T. Fuchs and T. K. Gaisser and J. Gallagher and L. Gerhardt and L. Gladstone and T. Glüsenkamp and A. Goldschmidt and G. Golup and J. G. Gonzalez and J. A. Goodman and D. Góra and D. T. Grandmont and D. Grant and A. Groß and C. Ha  and A. Haj Ismail and P. Hallen and A. Hallgren and F. Halzen and K. Hanson and D. Heereman and D. Heinen and K. Helbing and R. Hellauer and S. Hickford and G. C. Hill and K. D. Hoffman and R. Hoffmann and A. Homeier and K. Hoshina and W. Huelsnitz and P. O. Hulth and K. Hultqvist and S. Hussain and A. Ishihara and E. Jacobi and J. Jacobsen and K. Jagielski and G. S. Japaridze and K. Jero and O. Jlelati and B. Kaminsky and A. Kappes and T. Karg and A. Karle and J. L. Kelley and J. Kiryluk and J. Kläs and S. R. Klein and J.-H. Köhne and G. Kohnen and H. Kolanoski and L. Köpke and C. Kopper and S. Kopper and D. J. Koskinen and M. Kowalski and M. Krasberg and K. Krings and G. Kroll and J. Kunnen and N. Kurahashi and T. Kuwabara and M. Labare and H. Landsman and M. J. Larson and M. Lesiak-Bzdak and M. Leuermann and J. Leute and J. Lünemann and J. Madsen and G. Maggi and R. Maruyama and K. Mase and H. S. Matis and F. McNally and K. Meagher and M. Merck and T. Meures and S. Miarecki and E. Middell and N. Milke and J. Miller and L. Mohrmann and T. Montaruli and R. Morse and R. Nahnhauer and U. Naumann and H. Niederhausen and S. C. Nowicki and D. R. Nygren and A. Obertacke and S. Odrowski and A. Olivas and A. O'Murchadha and L. Paul and J. A. Pepper and C. Pérez de los Heros and C. Pfendner and D. Pieloth and E. Pinat and J. Posselt and P. B. Price and G. T. Przybylski and L. Rädel and M. Rameez and K. Rawlins and P. Redl and R. Reimann and E. Resconi and W. Rhode and M. Ribordy and M. Richman and B. Riedel and J. P. Rodrigues and C. Rott and T. Ruhe and B. Ruzybayev and D. Ryckbosch and S. M. Saba and T. Salameh and H.-G. Sander and M. Santander and S. Sarkar and K. Schatto and F. Scheriau and T. Schmidt and M. Schmitz and S. Schoenen and S. Schöneberg and A. Schönwald and A. Schukraft and L. Schulte and O. Schulz and D. Seckel and Y. Sestayo and S. Seunarine and R. Shanidze and C. Sheremata and M. W. E. Smith and D. Soldin and G. M. Spiczak and C. Spiering and M. Stamatikos and T. Stanev and A. Stasik and T. Stezelberger and R. G. Stokstad and A. Stößl and E. A. Strahler and R. Ström and G. W. Sullivan and H. Taavola and I. Taboada and A. Tamburro and A. Tepe and S. Ter-Antonyan and G. Tešić and S. Tilav and P. A. Toale and S. Toscano and E. Unger and M. Usner and N. van Eijndhoven and A. Van Overloop and J. van Santen and M. Vehring and M. Voge and M. Vraeghe and C. Walck and T. Waldenmaier and M. Wallraff and Ch. Weaver and M. Wellons and C. Wendt and S. Westerhoff and N. Whitehorn and K. Wiebe and C. H. Wiebusch and D. R. Williams and H. Wissing and M. Wolf and T. R. Wood and K. Woschnagg and D. L. Xu and X. W. Xu and J. P. Yanez and G. Yodh and S. Yoshida and P. Zarzhitsky and J. Ziemann and S. Zierke and M. Zoll},
	doi = {10.1126/science.1242856},
	eid = {1242856},
	eprint = {1311.5238},
	eprintclass = {astro-ph.HE},
	eprinttype = {arxiv},
	journal = {Science},
	month = {11},
	number = {6161},
	pages = {1242856},
	title = {Evidence for High-Energy Extraterrestrial Neutrinos at the IceCube Detector},
	volume = {342},
	year = {2013},
}
@article{icecube_more_evidence_2016,
	author = {Aartsen, M. G. and Abraham, K. and Ackermann, M. and Adams, J. and Aguilar, J. A. and Ahlers, M. and Ahrens, M. and Altmann, D. and Andeen, K. and Anderson, T. and Ansseau, I. and Anton, G. and Archinger, M. and Argüelles, C. and Auffenberg, J. and Axani, S. and Bai, X. and Barwick, S. W. and Baum, V. and Bay, R. and Beatty, J. J. and Tjus, J. Becker and Becker, K.-H. and BenZvi, S. and Berghaus, P. and Berley, D. and Bernardini, E. and Bernhard, A. and Besson, D. Z. and Binder, G. and Bindig, D. and Bissok, M. and Blaufuss, E. and Blot, S. and Bohm, C. and Börner, M. and Bos, F. and Bose, D. and Böser, S. and Botner, O. and Braun, J. and Brayeur, L. and Bretz, H.-P. and Burgman, A. and Carver, T. and Casier, M. and Cheung, E. and Chirkin, D. and Christov, A. and Clark, K. and Classen, L. and Coenders, S. and Collin, G. H. and Conrad, J. M. and Cowen, D. F. and Cross, R. and Day, M. and André, J. P. A. M. de and Clercq, C. De and Rosendo, E. del Pino and Dembinski, H. and Ridder, S. De and Desiati, P. and Vries, K. D. de and Wasseige, G. de and With, M. de and DeYoung, T. and Díaz-Vélez, J. C. and Lorenzo, V. di and Dujmovic, H. and Dumm, J. P. and Dunkman, M. and Eberhardt, B. and Ehrhardt, T. and Eichmann, B. and Eller, P. and Euler, S. and Evenson, P. A. and Fahey, S. and Fazely, A. R. and Feintzeig, J. and Felde, J. and Filimonov, K. and Finley, C. and Flis, S. and Fösig, C.-C. and Franckowiak, A. and Friedman, E. and Fuchs, T. and Gaisser, T. K. and Gallagher, J. and Gerhardt, L. and Ghorbani, K. and Giang, W. and Gladstone, L. and Glagla, M. and Glüsenkamp, T. and Goldschmidt, A. and Golup, G. and Gonzalez, J. G. and Grant, D. and Griffith, Z. and Haack, C. and Ismail, A. Haj and Hallgren, A. and Halzen, F. and Hansen, E. and Hansmann, B. and Hansmann, T. and Hanson, K. and Hebecker, D. and Heereman, D. and Helbing, K. and Hellauer, R. and Hickford, S. and Hignight, J. and Hill, G. C. and Hoffman, K. D. and Hoffmann, R. and Holzapfel, K. and Hoshina, K. and Huang, F. and Huber, M. and Hultqvist, K. and In, S. and Ishihara, A. and Jacobi, E. and Japaridze, G. S. and Jeong, M. and Jero, K. and Jones, B. J. P. and Jurkovic, M. and Kappes, A. and Karg, T. and Karle, A. and Katz, U. and Kauer, M. and Keivani, A. and Kelley, J. L. and Kemp, J. and Kheirandish, A. and Kim, M. and Kintscher, T. and Kiryluk, J. and Kittler, T. and Klein, S. R. and Kohnen, G. and Koirala, R. and Kolanoski, H. and Konietz, R. and Köpke, L. and Kopper, C. and Kopper, S. and Koskinen, D. J. and Kowalski, M. and Krings, K. and Kroll, M. and Krückl, G. and Krüger, C. and Kunnen, J. and Kunwar, S. and Kurahashi, N. and Kuwabara, T. and Labare, M. and Lanfranchi, J. L. and Larson, M. J. and Lauber, F. and Lennarz, D. and Lesiak-Bzdak, M. and Leuermann, M. and Leuner, J. and Lu, L. and Lünemann, J. and Madsen, J. and Maggi, G. and Mahn, K. B. M. and Mancina, S. and Mandelartz, M. and Maruyama, R. and Mase, K. and Maunu, R. and McNally, F. and Meagher, K. and Medici, M. and Meier, M. and Meli, A. and Menne, T. and Merino, G. and Meures, T. and Miarecki, S. and Mohrmann, L. and Montaruli, T. and Moulai, M. and Nahnhauer, R. and Naumann, U. and Neer, G. and Niederhausen, H. and Nowicki, S. C. and Nygren, D. R. and Pollmann, A. Obertacke and Olivas, A. and O’Murchadha, A. and Palczewski, T. and Pandya, H. and Pankova, D. V. and Peiffer, P. and Penek, Ö. and Pepper, J. A. and Heros, C. Pérez de los and Pieloth, D. and Pinat, E. and Price, P. B. and Przybylski, G. T. and Quinnan, M. and Raab, C. and Rädel, L. and Rameez, M. and Rawlins, K. and Reimann, R. and Relethford, B. and Relich, M. and Resconi, E. and Rhode, W. and Richman, M. and Riedel, B. and Robertson, S. and Rongen, M. and Rott, C. and Ruhe, T. and Ryckbosch, D. and Rysewyk, D. and Sabbatini, L. and Herrera, S. E. Sanchez and Sandrock, A. and Sandroos, J. and Sarkar, S. and Satalecka, K. and Schimp, M. and Schlunder, P. and Schmidt, T. and Schoenen, S. and Schöneberg, S. and Schumacher, L. and Seckel, D. and Seunarine, S. and Soldin, D. and Song, M. and Spiczak, G. M. and Spiering, C. and Stahlberg, M. and Stanev, T. and Stasik, A. and Steuer, A. and Stezelberger, T. and Stokstad, R. G. and Stößl, A. and Ström, R. and Strotjohann, N. L. and Sullivan, G. W. and Sutherland, M. and Taavola, H. and Taboada, I. and Tatar, J. and Tenholt, F. and Ter-Antonyan, S. and Terliuk, A. and Tešić, G. and Tilav, S. and Toale, P. A. and Tobin, M. N. and Toscano, S. and Tosi, D. and Tselengidou, M. and Turcati, A. and Unger, E. and Usner, M. and Vandenbroucke, J. and Eijndhoven, N. van and Vanheule, S. and Rossem, M. van and Santen, J. van and Veenkamp, J. and Vehring, M. and Voge, M. and Vraeghe, M. and Walck, C. and Wallace, A. and Wallraff, M. and Wandkowsky, N. and Weaver, Ch. and Weiss, M. J. and Wendt, C. and Westerhoff, S. and Whelan, B. J. and Wickmann, S. and Wiebe, K. and Wiebusch, C. H. and Wille, L. and Williams, D. R. and Wills, L. and Wolf, M. and Wood, T. R. and Woolsey, E. and Woschnagg, K. and Xu, D. L. and Xu, X. W. and Xu, Y. and Yanez, J. P. and Yodh, G. and Yoshida, S. and Zoll, M.},
	doi = {10.3847/0004-637x/833/1/3},
	eprint = {1607.08006},
	eprintclass = {astro-ph.HE},
	eprinttype = {arxiv},
	issn = {1538-4357},
	journal = {The Astrophysical Journal},
	month = {12},
	number = {1},
	pages = {3},
	publisher = {American Astronomical Society},
	title = {OBSERVATION AND CHARACTERIZATION OF A COSMIC MUON NEUTRINO FLUX FROM THE NORTHERN HEMISPHERE USING SIX YEARS OF ICECUBE DATA},
	url = {http://dx.doi.org/10.3847/0004-637X/833/1/3},
	volume = {833},
	year = {2016},
}
