@article{pierre_auger_cosmic_rays,
	author = {A. Abdul Halim and P. Abreu and M. Aglietta and I. Allekotte and P. Allison and K. Almeida Cheminant and A. Almela and J. Alvarez-Muñiz and J. Ammerman Yebra and G. A. Anastasi and L. Anchordoqui and B. Andrada and S. Andringa and C. Aramo and P. R. Araújo Ferreira and E. Arnone and J. C. Arteaga Velázquez and H. Asorey and P. Assis and M. Ave and G. Avila and E. Avocone and A. M. Badescu and A. Bakalova and A. Balaceanu and F. Barbato and J. Beatty and J. A. Bellido and C. Berat and M. E. Bertaina and X. Bertou and G. Bhatta and P. L. Biermann and P. Billoir and V. Binet and K. Bismark and T. Bister and J. Biteau and J. Blazek and C. Bleve and J. Blümer and M. Boháčová and D. Boncioli and C. Bonifazi and L. Bonneau Arbeletche and N. Borodai and J. Brack and T. Bretz and P. G. Brichetto Orchera and F. L. Briechle and P. Buchholz and A. Bueno and S. Buitink and M. Buscemi and M. Büsken and A. Bwembya and K. S. Caballero-Mora and L. Caccianiga and I. Caracas and R. Caruso and A. Castellina and F. Catalani and G. Cataldi and L. Cazon and M. Cerda and R. Cester and J. A. Chinellato and J. Chirinos and J. Chudoba and L. Chytka and R. W. Clay and A. C. Cobos Cerutti and R. Colalillo and A. Coleman and M. R. Coluccia and R. Conceição and A. Condorelli and G. Consolati and F. Contreras and F. Convenga and D. Correia dos Santos and C. E. Covault and M. Cristinziani and C. S. Cruz Sanchez and S. Dasso and K. Daumiller and B. R. Dawson and R. M. de Almeida and J. de Jesús and S. J. de Jong and J. R. T. de Mello Neto and I. De Mitri and J. de Oliveira and D. de Oliveira Franco and F. de Palma and V. de Souza and E. De Vito and A. Del Popolo and O. Deligny and L. Deval and A. di Matteo and M. Dobre and C. Dobrigkeit and J. C. D'Olivo and L. M. Domingues Mendes and A. Dorofeev and R. C. dos Anjos and J. Ebr and M. Eman and R. Engel and I. Epicoco and M. Erdmann and A. Etchegoyen and H. Falcke and J. Farmer and G. Farrar and A. C. Fauth and N. Fazzini and F. Feldbusch and F. Fenu and B. Fick and J. M. Figueira and A. Filipčič and T. Fitoussi and B. Flaggs and T. Fodran and T. Fujii and A. Fuster and C. Galea and C. Galelli and B. García and H. Gemmeke and F. Gesualdi and A. Gherghel-Lascu and P. L. Ghia and U. Giaccari and M. Giammarchi and J. Glombitza and F. Gobbi and F. Gollan and G. Golup and M. Gómez Berisso and P. F. Gómez Vitale and J. P. Gongora and J. M. González and N. González and I. Goos and D. Góra and A. Gorgi and M. Gottowik and T. D. Grubb and F. Guarino and G. P. Guedes and E. Guido and S. Hahn and P. Hamal and M. R. Hampel and P. Hansen and D. Harari and J. Harton and V. M. Harvey and A. Haungs and T. Hebbeker and D. Heck and C. Hojvat and J. R. Hörandel and P. Horvath and M. Hrabovský and T. Huege and A. Insolia and P. G. Isar and P. Janecek and J. A. Johnsen and J. Jurysek and A. Kääpä and K. H. Kampert and B. Keilhauer and A. Khakurdikar and V. V. Kizakke Covilakam and H. O. Klages and M. Kleifges and J. Kleinfeller and F. Knapp and J. Knapp and N. Kunka and C. Lachaud and B. L. Lago and N. Langner and M. A. Leigui de Oliveira and V. Lenok and A. Letessier-Selvon and I. Lhenry-Yvon and D. Lo Presti and L. Lopes and R. López and L. Lu and Q. Luce and J. P. Lundquist and A. Machado Payeras and D. Mandat and B. C. Manning and J. Manshanden and P. Mantsch and S. Marafico and F. M. Mariani and A. G. Mariazzi and I. C. Mariş and G. Marsella and D. Martello and S. Martinelli and O. Martínez Bravo and M. A. Martins and M. Mastrodicasa and H. J. Mathes and J. Matthews and G. Matthiae and E. Mayotte and S. Mayotte and P. O. Mazur and G. Medina-Tanco and J. Meinert and D. Melo and A. Menshikov and S. Michal and M. I. Micheletti and L. Miramonti and S. Mollerach and F. Montanet and L. Morejon and C. Morello and A. L. Müller and K. Mulrey and R. Mussa and M. Muzio and W. M. Namasaka and A. Nasr-Esfahani and L. Nellen and G. Nicora and M. Niculescu-Oglinzanu and M. Niechciol and D. Nitz and I. Norwood and D. Nosek and V. Novotny and L. Nožka and A Nucita and L. A. Núñez and C. Oliveira and M. Palatka and J. Pallotta and G. Parente and A. Parra and J. Pawlowsky and M. Pech and J. Pękala and R. Pelayo and E. E. Pereira Martins and J. Perez Armand and C. Pérez Bertolli and L. Perrone and S. Petrera and C. Petrucci and T. Pierog and M. Pimenta and M. Platino and B. Pont and M. Pothast and M. Pourmohammad Shavar and P. Privitera and M. Prouza and A. Puyleart and S. Querchfeld and J. Rautenberg and D. Ravignani and M. Reininghaus and J. Ridky and F. Riehn and M. Risse and V. Rizi and W. Rodrigues de Carvalho and J. Rodriguez Rojo and M. J. Roncoroni and S. Rossoni and M. Roth and E. Roulet and A. C. Rovero and P. Ruehl and A. Saftoiu and M. Saharan and F. Salamida and H. Salazar and G. Salina and J. D. Sanabria Gomez and F. Sánchez and E. M. Santos and E. Santos and F. Sarazin and R. Sarmento and R. Sato and P. Savina and C. M. Schäfer and V. Scherini and H. Schieler and M. Schimassek and M. Schimp and F. Schlüter and D. Schmidt and O. Scholten and H. Schoorlemmer and P. Schovánek and F. G. Schröder and J. Schulte and T. Schulz and S. J. Sciutto and M. Scornavacche and A. Segreto and S. Sehgal and S. U. Shivashankara and G. Sigl and G. Silli and O. Sima and R. Smau and R. Šmída and P. Sommers and J. F. Soriano and R. Squartini and M. Stadelmaier and D. Stanca and S. Stanič and J. Stasielak and P. Stassi and M. Straub and A. Streich and M. Suárez-Durán and T. Suomijärvi and A. D. Supanitsky and Z. Szadkowski and A. Tapia and C. Taricco and C. Timmermans and O. Tkachenko and P. Tobiska and C. J. Todero Peixoto and B. Tomé and Z. Torrès and A. Travaini and P. Travnicek and C. Trimarelli and M. Tueros and R. Ulrich and M. Unger and L. Vaclavek and M. Vacula and J. F. Valdés Galicia and L. Valore and E. Varela and A. Vásquez-Ramírez and D. Veberič and C. Ventura and I. D. Vergara Quispe and V. Verzi and J. Vicha and L. M. Villaseñor Cendejas and J. Vink and S. Vorobiov and C. Watanabe and A. A. Watson and A. Weindl and L. Wiencke and H. Wilczyński and D. Wittkowski and B. Wundheiler and P. Younk and A. Yushkov and O. Zapparrata and E. Zas and D. Zavrtanik and M. Zavrtanik},
	doi = {10.48550/arXiv.2211.16020},
	eprint = {2211.16020},
	eprintclass = {astro-ph.HE},
	eprinttype = {arxiv},
	title = {A Catalog of the Highest-Energy Cosmic Rays Recorded During Phase I of Operation of the Pierre Auger Observatory}, 
	url = {https://arxiv.org/abs/2211.16020}, 
	year = {2022},
}
